<record><leader>00000cas a22000007a 4500</leader><controlfield tag="001">41186793</controlfield><controlfield tag="008">990417d19821983tnuwr ne      0    0eng d</controlfield><datafield ind1=" " ind2=" " tag="010"><subfield code="a">sn 99065793 </subfield></datafield><datafield ind1=" " ind2=" " tag="040"><subfield code="a">TGN</subfield><subfield code="b">eng</subfield><subfield code="c">TGN</subfield><subfield code="d">OCLCQ</subfield><subfield code="d">OCLCF</subfield><subfield code="d">OCLCO</subfield></datafield><datafield ind1=" " ind2=" " tag="042"><subfield code="a">msc</subfield></datafield><datafield ind1=" " ind2=" " tag="043"><subfield code="a">n-us-tn</subfield></datafield><datafield ind1="0" ind2="0" tag="245"><subfield code="a">This week in Warren County.</subfield></datafield><datafield ind1=" " ind2=" " tag="260"><subfield code="a">McMinnville, Tenn. :</subfield><subfield code="b">[s.n.],</subfield><subfield code="c">-1983.</subfield></datafield><datafield ind1=" " ind2=" " tag="300"><subfield code="a">v.</subfield></datafield><datafield ind1=" " ind2=" " tag="310"><subfield code="a">Weekly</subfield></datafield><datafield ind1="1" ind2=" " tag="362"><subfield code="a">Began in 1982.</subfield></datafield><datafield ind1="0" ind2=" " tag="362"><subfield code="a">-v. 1, no. 47 (Sept. 5, 1983).</subfield></datafield><datafield ind1=" " ind2=" " tag="588"><subfield code="a">Description based on: Vol. 1, no. 21 (Mar. 9, 1983).</subfield></datafield><datafield ind1=" " ind2="0" tag="651"><subfield code="a">McMinnville (Tenn.)</subfield><subfield code="v">Newspapers.</subfield></datafield><datafield ind1=" " ind2="0" tag="651"><subfield code="a">Warren County (Tenn.)</subfield><subfield code="v">Newspapers.</subfield></datafield><datafield ind1=" " ind2="7" tag="655"><subfield code="a">Newspapers.</subfield><subfield code="2">fast</subfield><subfield code="0">(OCoLC)fst01423814</subfield></datafield><datafield ind1=" " ind2="7" tag="651"><subfield code="a">Tennessee</subfield><subfield code="z">McMinnville.</subfield><subfield code="2">fast</subfield><subfield code="0">(OCoLC)fst01276404</subfield></datafield><datafield ind1=" " ind2="7" tag="651"><subfield code="a">Tennessee</subfield><subfield code="z">Warren County.</subfield><subfield code="2">fast</subfield><subfield code="0">(OCoLC)fst01215071</subfield></datafield><datafield ind1=" " ind2=" " tag="752"><subfield code="a">United States</subfield><subfield code="b">Tennessee</subfield><subfield code="c">Warren</subfield><subfield code="d">McMinnville.</subfield></datafield><datafield ind1="0" ind2="0" tag="785"><subfield code="t">Dispatch this week</subfield><subfield code="w">(DLC)sn 99065794</subfield></datafield></record>